@book{aima,
  title={Artificial Intelligence: a modern approach},
  author={Russell, Stuart J. and Norvig, Peter},
  edition={4 global},
  year={2021},
  publisher={Pearson}
}
@online{tfrp20assignment1,
  author = {},
  title = {Assignment 1: Adversarial search},
  date = {24 Jan at 13:00 - 15 Sep at 23:59},
  url = {https://canvas.education.lu.se/courses/33984/assignments/225768},
  urldate = {2024--01--31}
}

@online{reversi_wikipedia,
  author = {},
  title = {Reversi},
  date = {},
  url = {https://en.wikipedia.org/wiki/Reversi},
  urldate = {2024--01--31}
}

@online{heuristics,
  author = {Vaishnavi Sannidhanam and Muthukaruppan Annamalai},
  title = {An Analysis of Heuristics in Othello},
  date = {},
  url = {https://courses.cs.washington.edu/courses/cse573/04au/Project/mini1/RUSSIA/miniproject1_vaishu_muthu/Paper/Final_Paper.pdf},
  urldate = {2024--01--31}
}

 
@misc{ enwiki:reversi,
  author = "{Wikipedia contributors}",
  title = "Reversi --- {Wikipedia}{,} The Free Encyclopedia",
  year = "2024",
  howpublished = "\url{https://en.wikipedia.org/w/index.php?title=Reversi&oldid=1265599991}",
  note = "[Online; accessed 9-February-2025]"
}

@misc{anaconda,
  title={Anaconda Software Distribution},
  url={https://docs.anaconda.com/},
  journal={Anaconda Documentation},
  version={Ver. 2.6.4}, 
  publisher={Anaconda Inc.},
  year={2024}
}